@article{schonberg2007reinforcement,
  title={Reinforcement learning signals in the human striatum distinguish learners from nonlearners during reward-based decision making},
  author={Sch{\"o}nberg, Tom and Daw, Nathaniel D and Joel, Daphna and O'Doherty, John P},
  journal={Journal of Neuroscience},
  volume={27},
  number={47},
  pages={12860--12867},
  year={2007},
  publisher={Soc Neuroscience}
}

@article{frank2004carrot,
  title={By carrot or by stick: cognitive reinforcement learning in parkinsonism},
  author={Frank, Michael J and Seeberger, Lauren C and O'reilly, Randall C},
  journal={Science},
  volume={306},
  number={5703},
  pages={1940--1943},
  year={2004},
  publisher={American Association for the Advancement of Science}
}

@article{cavanagh2014conflict,
  title={Conflict acts as an implicit cost in reinforcement learning},
  author={Cavanagh, James F and Masters, Sean E and Bath, Kevin and Frank, Michael J},
  journal={Nature communications},
  volume={5},
  number={1},
  pages={1--10},
  year={2014},
  publisher={Nature Publishing Group}
}

@article{frank2005error,
  title={Error-related negativity predicts reinforcement learning and conflict biases},
  author={Frank, Michael J and Woroch, Brion S and Curran, Tim},
  journal={Neuron},
  volume={47},
  number={4},
  pages={495--501},
  year={2005},
  publisher={Elsevier}
}

@article{jahfari2019cross,
  title={Cross-task contributions of frontobasal ganglia circuitry in response inhibition and conflict-induced slowing},
  author={Jahfari, Sara and Ridderinkhof, K Richard and Collins, Anne GE and Knapen, Tomas and Waldorp, Lourens J and Frank, Michael J},
  journal={Cerebral Cortex},
  volume={29},
  number={5},
  pages={1969--1983},
  year={2019},
  publisher={Oxford University Press}
}

@article{collins2017interactions,
  title={Interactions among working memory, reinforcement learning, and effort in value-based choice: A new paradigm and selective deficits in schizophrenia},
  author={Collins, Anne GE and Albrecht, Matthew A and Waltz, James A and Gold, James M and Frank, Michael J},
  journal={Biological Psychiatry},
  volume={82},
  number={6},
  pages={431--439},
  year={2017},
  publisher={Elsevier}
}

@article{collins2014opponent,
  title={Opponent actor learning (OpAL): Modeling interactive effects of striatal dopamine on reinforcement learning and choice incentive.},
  author={Collins, Anne GE and Frank, Michael J},
  journal={Psychological review},
  volume={121},
  number={3},
  pages={337},
  year={2014},
  publisher={American Psychological Association}
}

@article{glascher2010states,
  title={States versus rewards: dissociable neural prediction error signals underlying model-based and model-free reinforcement learning},
  author={Gl{\"a}scher, Jan and Daw, Nathaniel and Dayan, Peter and O'Doherty, John P},
  journal={Neuron},
  volume={66},
  number={4},
  pages={585--595},
  year={2010},
  publisher={Elsevier}
}

@article{westphal2006foraging,
  title={Foraging trip duration of bumblebees in relation to landscape-wide resource availability},
  author={Westphal, Catrin and STEFFAN-DEWENTER, INGOLF and Tscharntke, Teja},
  journal={Ecological Entomology},
  volume={31},
  number={4},
  pages={389--394},
  year={2006},
  publisher={Wiley Online Library}
}

@article{anderson1984optimal,
  title={Optimal foraging by largemouth bass in structured environments},
  author={Anderson, Owen},
  journal={Ecology},
  volume={65},
  number={3},
  pages={851--861},
  year={1984},
  publisher={Wiley Online Library}
}

@article{internicola2012bumble,
  title={Bumble-bee learning selects for both early and long flowering in food-deceptive plants},
  author={Internicola, Antonina I and Harder, Lawrence D},
  journal={Proceedings of the Royal Society B: Biological Sciences},
  volume={279},
  number={1733},
  pages={1538--1543},
  year={2012},
  publisher={The Royal Society}
}

@article{sternisko2020dark,
  title={The dark side of social movements: Social identity, non-conformity, and the lure of conspiracy theories},
  author={Sternisko, Anni and Cichocka, Aleksandra and Van Bavel, Jay J},
  journal={Current opinion in psychology},
  volume={35},
  pages={1--6},
  year={2020},
  publisher={Elsevier}
}

@article{gentner1997reasoning,
  title={Reasoning and learning by analogy: Introduction.},
  author={Gentner, Dedre and Holyoak, Keith J},
  journal={American psychologist},
  volume={52},
  number={1},
  pages={32},
  year={1997},
  publisher={American Psychological Association}
}


@article{loftus1989misinformation,
  title={Misinformation and memory: The creation of new memories.},
  author={Loftus, Elizabeth F and Hoffman, Hunter G},
  journal={Journal of experimental psychology: General},
  volume={118},
  number={1},
  pages={100},
  year={1989},
  publisher={American Psychological Association}
}